<?xml version="1.0" encoding="UTF-8"?><collection xmlns="http://www.loc.gov/MARC21/slim"><record><leader>00524nam--2200205-u-4500</leader><controlfield tag="001">000050382</controlfield><controlfield tag="002">20161230</controlfield><controlfield tag="003">81653</controlfield><controlfield tag="005">20161230201048</controlfield><controlfield tag="008">070201s1000------------r-----000-0-eng-d</controlfield><datafield ind1=" " ind2=" " tag="020"><subfield code="a">9810241054</subfield></datafield><datafield ind1=" " ind2=" " tag="040"><subfield code="a">IFIN-HH</subfield></datafield><datafield ind1=" " ind2=" " tag="080"><subfield code="a">531.111.5</subfield></datafield><datafield ind1="1" ind2=" " tag="100"><subfield code="a">Ballentine,Leslie E</subfield></datafield><datafield ind1="1" ind2="0" tag="245"><subfield code="a">Quantum Mechanics</subfield><subfield code="b">A Modern Development</subfield><subfield code="c">Lslie E. Ballentine</subfield></datafield><datafield ind1=" " ind2=" " tag="260"><subfield code="a">Singapore</subfield><subfield code="b">World Scientific</subfield><subfield code="c">1998</subfield></datafield><datafield ind1=" " ind2=" " tag="300"><subfield code="a">658 p</subfield></datafield><datafield ind1=" " ind2="4" tag="650"><subfield code="a">Quantum mechanics</subfield></datafield><datafield ind1=" " ind2=" " tag="852"><subfield code="c">530.14</subfield></datafield><datafield ind1=" " ind2=" " tag="CAT"><subfield code="a">Sys</subfield><subfield code="c">20111108</subfield><subfield code="h">114443</subfield></datafield></record></collection>